<record><leader>00000cas a22000007a 4500</leader><controlfield tag="001">32941381</controlfield><controlfield tag="008">950809d19111912okuwr n       0    0eng d</controlfield><datafield ind1=" " ind2=" " tag="010"><subfield code="a">sn 95076089 </subfield></datafield><datafield ind1=" " ind2=" " tag="040"><subfield code="a">OBN</subfield><subfield code="b">eng</subfield><subfield code="c">OBN</subfield><subfield code="d">OCLCQ</subfield><subfield code="d">OCLCO</subfield></datafield><datafield ind1=" " ind2=" " tag="043"><subfield code="a">n-us-ok</subfield></datafield><datafield ind1="0" ind2="4" tag="245"><subfield code="a">The Wainwright enterprise.</subfield></datafield><datafield ind1="3" ind2=" " tag="246"><subfield code="a">Enterprise</subfield></datafield><datafield ind1=" " ind2=" " tag="260"><subfield code="a">Wainwright, Okla. :</subfield><subfield code="b">Thompson &amp; Martin</subfield></datafield><datafield ind1=" " ind2=" " tag="300"><subfield code="a">v.</subfield></datafield><datafield ind1=" " ind2=" " tag="310"><subfield code="a">Weekly</subfield></datafield><datafield ind1="0" ind2=" " tag="362"><subfield code="a">-v. 2, no. 7 (May 31, 1912).</subfield></datafield><datafield ind1="1" ind2=" " tag="362"><subfield code="a">Began in 1911.</subfield></datafield><datafield ind1=" " ind2=" " tag="588"><subfield code="a">Description based on: Vol. 1, no. 27 (Oct. 13, 1911).</subfield></datafield><datafield ind1=" " ind2="0" tag="651"><subfield code="a">Wainwright (Okla.)</subfield><subfield code="v">Newspapers.</subfield></datafield><datafield ind1=" " ind2="0" tag="651"><subfield code="a">Muskogee County (Okla.)</subfield><subfield code="v">Newspapers.</subfield></datafield><datafield ind1=" " ind2=" " tag="752"><subfield code="a">United States</subfield><subfield code="b">Oklahoma</subfield><subfield code="c">Muskogee</subfield><subfield code="d">Wainwright.</subfield></datafield><datafield ind1="0" ind2="0" tag="780"><subfield code="t">Enterprise</subfield><subfield code="w">(DLC)sn 95076090</subfield><subfield code="w">(OCoLC)32941452</subfield></datafield><datafield ind1="0" ind2="4" tag="785"><subfield code="t">Braggs bugle</subfield><subfield code="w">(DLC)sn 95076180</subfield><subfield code="w">(OCoLC)33226746</subfield></datafield></record>